<record><leader>00000cas a22000007a 4500</leader><controlfield tag="001">19675619</controlfield><controlfield tag="008">890508d18931969mouwr ne      0    0eng d</controlfield><datafield ind1=" " ind2=" " tag="010"><subfield code="a">sn 89066548 </subfield></datafield><datafield ind1=" " ind2=" " tag="040"><subfield code="a">MQN</subfield><subfield code="b">eng</subfield><subfield code="c">MQN</subfield><subfield code="d">OCLCQ</subfield></datafield><datafield ind1=" " ind2=" " tag="042"><subfield code="a">msc</subfield></datafield><datafield ind1="0" ind2="0" tag="245"><subfield code="a">Moniteau County herald.</subfield></datafield><datafield ind1=" " ind2=" " tag="260"><subfield code="a">California, Moniteau Co., Mo. :</subfield><subfield code="b">Ingersoll &amp; Carter,</subfield><subfield code="c">1893-1969.</subfield></datafield><datafield ind1=" " ind2=" " tag="300"><subfield code="a">v.</subfield></datafield><datafield ind1=" " ind2=" " tag="310"><subfield code="a">Weekly</subfield></datafield><datafield ind1="0" ind2=" " tag="362"><subfield code="a">Vol. 5, no. 19 (Sept. 27, 1893)-v. 78, no. 14 (Nov. 28, 1969).</subfield></datafield><datafield ind1=" " ind2=" " tag="525"><subfield code="a">Golden anniversary issue, June 1, 1939.</subfield></datafield><datafield ind1=" " ind2=" " tag="752"><subfield code="a">United States</subfield><subfield code="b">Missouri</subfield><subfield code="c">Moniteau</subfield><subfield code="d">California.</subfield></datafield><datafield ind1="0" ind2="0" tag="780"><subfield code="t">Herald (California, Mo.)</subfield><subfield code="w">(DLC)sn 89066547</subfield></datafield><datafield ind1="0" ind2="4" tag="785"><subfield code="t">California democrat (California, Mo. : 1871)</subfield><subfield code="w">(DLC)sn 85033873</subfield></datafield></record>